@article{azuma97,
  title={A survey of augmented reality},
  author={Azuma, Ronald T.},
  journal={Presence},
  volume={6},
  number={4},
  pages={355--385},
  year={1997}
}
@book{winkler01,
  title={Composing interactive music},
  author={Winkler, Todd},
  year={2001},
  publisher={The MIT Press}
}